@conference{branicky1994stability,
  title={{Stability of switched and hybrid systems}},
  author={Branicky, M.S.},
  booktitle={IEEE Conference on Decision and Control},
  volume={4},
  pages={3498--3498},
  year={1994},
  organization={Institute of electrical engineers INC (IEE)}
}

@misc{loechner1999polylib,
  title={PolyLib: A library for manipulating parameterized polyhedra},
  author={Loechner, V.},
  year={1999},
  publisher={Citeseer}
}

@article{gilbert1991linear,
 title={{Linear systems with state and control constraints: the theory and application of maximal output admissible sets}},
 author={Gilbert, EG and Tan, KT},
 journal={IEEE Transactions on Automatic Control},
 volume={36},
 number={9},
 pages={1008--1020},
 year={1991}
}
@article{bitsoris2006invariance,
  title={{Invariance and monotonicity of nonlinear iterated systems}},
  author={Bitsoris, G. and Truffet, L.},
  journal={Lecture notes in control and information sciences},
  volume={341},
  pages={407},
  year={2006},
  publisher={Springer}
}
@article{camponogara2002distributed,
  title={Distributed model predictive control},
  author={Camponogara, E. and Jia, D. and Krogh, B.H. and Talukdar, S.},
  journal={Control Systems Magazine, IEEE},
  volume={22},
  number={1},
  pages={44--52},
  year={2002},
  publisher={IEEE}
}
@inproceedings{vitus_tunnel-milp:_2008,
  title={Tunnel-milp: Path planning with sequential convex polytopes},
  author={Vitus, Michael and Pradeep, Vijay and Hoffmann, Gabriel and Waslander, Steven and Tomlin, Claire},
  booktitle={AIAA guidance, navigation and control conference and exhibit},
  pages={7132},
  year={2008}
}

@book{garey1979computers,
  title={{Computers and intractability. A guide to the theory of NP-completeness. A Series of Books in the Mathematical Sciences}},
  author={Garey, M.R. and Johnson, D.S.},
  year={1979},
  publisher={WH Freeman and Company, San Francisco, Calif}
}

@inproceedings{bellingham2002receding,
  title={Receding horizon control of autonomous aerial vehicles},
  author={Bellingham, John and Richards, Arthur and How, Jonathan P},
  booktitle={American Control Conference, 2002. Proceedings of the 2002},
  volume={5},
  pages={3741--3746},
  year={2002},
  organization={IEEE}
}